@article{DBLP:journals/corr/abs-1712-01815,
  author    = {David Silver and
               Thomas Hubert and
               Julian Schrittwieser and
               Ioannis Antonoglou and
               Matthew Lai and
               Arthur Guez and
               Marc Lanctot and
               Laurent Sifre and
               Dharshan Kumaran and
               Thore Graepel and
               Timothy P. Lillicrap and
               Karen Simonyan and
               Demis Hassabis},
  title     = {Mastering Chess and Shogi by Self-Play with a General Reinforcement
               Learning Algorithm},
  journal   = {CoRR},
  volume    = {abs/1712.01815},
  year      = {2017},
  url       = {http://arxiv.org/abs/1712.01815},
  eprinttype = {arXiv},
  eprint    = {1712.01815},
  timestamp = {Mon, 13 Aug 2018 16:46:01 +0200},
  biburl    = {https://dblp.org/rec/journals/corr/abs-1712-01815.bib},
  bibsource = {dblp computer science bibliography, https://dblp.org}
}



@article{shannon,
  author    = {CLAUDE E. SHANNON},
  title     = {Programming a Computer for Playing Chess},
  journal   = {Philosophical Magazine},
  volume    = {Ser.7, Vol. 41, No. 314 - March 1950.},
  year      = {1950},
  url       = {https://www.pi.infn.it/~carosi/chess/shannon.txt},

}


@misc{chess.com,
author    = {PeterDoggers},
  title = {alphazero reactions from top gms and stockfish author},
  howpublished = {\url{https://www.chess.com/news/view/alphazero-reactions-from-top-gms-stockfish-author}},
   year      = {2018},
  note = {Accessed: 2022-04-01}
}



  @misc{ itwiki:125247032,
   author = "Wikipedia",
   title = "Elo --- Wikipedia{,} L'enciclopedia libera",
   year = "2022",
   url = "http://it.wikipedia.org/w/index.php?title=Elo&oldid=125247032",
   note = {Accessed: 2022-04-04}
 }


@article{Bitboard,
  author          = {G M Adel'son-Vel'skii et al},
  journal         = {Russ. Math. Surv},
  number          = {2},
  title           = {Programming a computer to play chess},
  volume          = {25},
  year            = {1970}
}


 @misc{ itwiki:125837390,
   author = "Wikipedia",
   title = "Minimax --- Wikipedia{,} L'enciclopedia libera",
   year = "2022",
   url = "http://it.wikipedia.org/w/index.php?title=Minimax&oldid=125837390",
   note = "[Online; in data 20-aprile-2022]"
 }


@book{beginning,
  author         = {Irving L Finkel and British Museum},
  publisher      = {London : British Museum Press.},
  title          = {Ancient board games in perspective : papers from the 1990 British Museum colloquium, with additional contributions},
  year           = {2007}
}